@article{jaro:89,
  title={Advances in record-linkage methodology as applied to matching the 1985 census of Tampa, Florida},
  author={Jaro, Matthew A},
  journal={Journal of the American Statistical Association},
  volume={84},
  number={406},
  pages={414--420},
  year={1989},
  publisher={Taylor \& Francis Group}
}

@article{damerau:64,
	title={A technique for computer detection and correction of spelling errors},
	author={Damerau, Fred J},
	journal={Communications of the ACM},
	volume={7},
	number={3},
	pages={171--176},
	year={1964},
	publisher={ACM}
}

@article{navarro:01,
	title={A guided tour to approximate string matching},
	author={Navarro, Gonzalo},
	journal={ACM computing surveys (CSUR)},
	volume={33},
	number={1},
	pages={31--88},
	year={2001},
	publisher={ACM}
}