@misc{gandhi2020,
	title={Lightening the Cognitive Load of Shell Programming},
	author={Gandhi, Ishaan and Gandhi, Anshula},
	year={2020}
}

@article{findcmd,
	title={FindCmd: A personalised command retrieval tool},
	author={Hou, Pengpeng and Zhang, Heng and Wu, Yanjun and Yu, Jiageng and Miao, Yuxia and Tai, Yang},
	journal={IET Software},
	volume={15},
	number={2},
	pages={161--173},
	year={2021},
	publisher={Wiley Online Library}
}

@inproceedings{nl2bash,
	title={NL2Bash: A Corpus and Semantic Parser for Natural Language Interface to the Linux Operating System},
	author={Lin, Xi Victoria and Wang, Chenglong and Zettlemoyer, Luke and Ernst, Michael D},
	booktitle={Proceedings of the Eleventh International Conference on Language Resources and Evaluation (LREC 2018)},
	year={2018}
}

@article{clai,
	title={Project CLAI: Instrumenting the Command Line as a New Environment for AI Agents},
	author={Agarwal, Mayank and Barroso, Jorge J and Chakraborti, Tathagata and Dow, Eli M and Fadnis, Kshitij and Godoy, Borja and Pallan, Madhavan and Talamadupula, Kartik},
	journal={arXiv preprint arXiv:2002.00762},
	year={2020}
}

@inproceedings{alom:19,
	title={Helping Users Managing Context-Based Privacy Preferences},
	author={Alom, Md Zulfikar and Carminati, Barbara and Ferrari, Elena},
	booktitle={2019 IEEE International Conference on Services Computing (SCC)},
	pages={100--107},
	year={2019},
	organization={IEEE}
}

@inproceedings{wijesekera:18,
	title={Contextualizing privacy decisions for better prediction (and protection)},
	author={Wijesekera, Primal and Reardon, Joel and Reyes, Irwin and Tsai, Lynn and Chen, Jung-Wei and Good, Nathan and Wagner, David and Beznosov, Konstantin and Egelman, Serge},
	booktitle={Proceedings of the 2018 CHI Conference on Human Factors in Computing Systems},
	pages={1--13},
	year={2018}
}

@article{de:15,
	title={Contextual preference mining for user profile construction},
	author={De Amo, Sandra and Diallo, Mouhamadou Saliou and Diop, Cheikh Talibouya and Giacometti, Arnaud and Li, Dominique and Soulet, Arnaud},
	journal={Information Systems},
	volume={49},
	pages={182--199},
	year={2015},
	publisher={Elsevier}
}

@article{stefanidis:11,
	title={Managing contextual preferences},
	author={Stefanidis, Kostas and Pitoura, Evaggelia and Vassiliadis, Panos},
	journal={Information Systems},
	volume={36},
	number={8},
	pages={1158--1180},
	year={2011},
	publisher={Elsevier}
}

@inproceedings{fast:14,
	title={Emergent, crowd-scale programming practice in the {IDE}},
	author={Fast, Ethan and Steffee, Daniel and Wang, Lucy and Brandt, Joel R and Bernstein, Michael S},
	booktitle={Proceedings of the SIGCHI Conference on Human Factors in Computing Systems},
	pages={2491--2500},
	year={2014}
}

@inproceedings{perez:13,
	title={What's wrong with git? A conceptual design analysis},
	author={Perez De Rosso, Santiago and Jackson, Daniel},
	booktitle={Proceedings of the 2013 ACM international symposium on New ideas, new paradigms, and reflections on programming \& software},
	pages={37--52},
	year={2013}
}

@inproceedings{perez:16,
	author = {Perez De Rosso, Santiago and Jackson, Daniel},
	title = {Purposes, Concepts, Misfits, and a Redesign of Git},
	year = {2016},
	isbn = {9781450344449},
	publisher = {Association for Computing Machinery},
	address = {New York, NY, USA},
	url = {https://doi.org/10.1145/2983990.2984018},
	doi = {10.1145/2983990.2984018},
	booktitle = {Proceedings of the 2016 ACM SIGPLAN International Conference on Object-Oriented Programming, Systems, Languages, and Applications},
	pages = {292-310},
	numpages = {19},
	keywords = {software design, concept design, usability, concepts, design, Git, version control},
	location = {Amsterdam, Netherlands},
	series = {OOPSLA 2016}
}

@inproceedings{church:14,
  author = {Luke Church and Emma S{\"{o}}derberg and Elayabharath Elango},
  title = {A case of computational thinking: The subtle effect of hidden dependencies on the user experience of version control},
  booktitle = {Proceedings of the 25th Annual Workshop of the Psychology of Programming Interest Group, {PPIG} 2014, Brighton, UK, June 25-27, 2014},
  year = {2014}
}

@article{green:96,
  title={Usability analysis of visual programming environments: a `cognitive dimensions' framework},
  author={Green, Thomas R. G. and Petre, Marian},
  journal={Journal of Visual Languages \& Computing},
  volume={7},
  number={2},
  pages={131--174},
  year={1996},
  publisher={Elsevier}
}

@inproceedings{beckman:11,
	title={An empirical study of object protocols in the wild},
	author={Beckman, Nels E and Kim, Duri and Aldrich, Jonathan},
	booktitle={European Conference on Object-Oriented Programming},
	pages={2--26},
	year={2011},
	organization={Springer}
}

@article{nielsen2005power,
	title={The power of defaults},
	author={Nielsen, Jakob},
	journal={Jakob Nielsen’s Alertbox, September},
	volume={26},
	year={2005}
}

@inproceedings{ghtorrent,
	title={Lean {GHTorrent}: {GitHub} data on demand},
	author={Gousios, Georgios and Vasilescu, Bogdan and Serebrenik, Alexander and Zaidman, Andy},
	booktitle={Proceedings of the 11th working conference on mining software repositories},
	pages={384--387},
	year={2014},
	organization={ACM}
}

@misc{mombach,
	title={{GitHub REST API} vs {GHTorrent} vs {GitHub Archive}: A Comparative Study},
	author={Mombach, Thaís and Valente, Marco Tulio},
	year={2018}
}

@article{greenberg:18b,
	title={The {POSIX} shell is an interactive {DSL} for concurrency},
	author={Greenberg, Michael},
	year={2018},
	journal={DSLDI}
}

@inproceedings{greenberg:18a,
	title={Word expansion supports {POSIX} shell interactivity},
	author={Greenberg, Michael},
	booktitle={Conference Companion of the 2nd International Conference on Art, Science, and Engineering of Programming},
	pages={153--160},
	year={2018},
	organization={ACM}
}

@article{greenberg:17,
  title={Understanding the {POSIX} shell as a programming language},
  author={Greenberg, Michael},
  journal={Off the Beaten Track},
  year={2017}
}

@inproceedings{dantoni:17,
	title={{NoFAQ}: synthesizing command repairs from examples},
	author={D'Antoni, Loris and Singh, Rishabh and Vaughn, Michael},
	booktitle={Proceedings of the 2017 11th Joint Meeting on Foundations of Software Engineering},
	pages={582--592},
	year={2017},
	organization={ACM}
}

@inproceedings{lin:18,
	title={{NL2Bash}: A Corpus and Semantic Parser for Natural Language Interface to the Linux Operating System},
	author={Lin, Xi Victoria and Wang, Chenglong and Zettlemoyer, Luke and Ernst, Michael D},
	booktitle={Proceedings of the Eleventh International Conference on Language Resources and Evaluation (LREC-2018)},
	year={2018}
}

@inproceedings{bespoke:19,
	title={Bespoke: Interactively Synthesizing Custom GUIs from Command-Line Applications By Demonstration},
	author={Vaithilingam, Priyan and Guo, Philip J},
	booktitle={Proceedings of the 32nd Annual ACM Symposium on User Interface Software and Technology},
	pages={563--576},
	year={2019}
}

@inproceedings{khosmood:14,
	title={User identification through command history analysis},
	author={Khosmood, Foaad and Nico, Phillip L and Woolery, Jonathan},
	booktitle={2014 IEEE Symposium on Computational Intelligence in Cyber Security (CICS)},
	pages={1--7},
	year={2014},
	organization={IEEE}
}

@inproceedings{jacobs:01,
	title={From shell logs to shell scripts},
	author={Jacobs, Nico and Blockeel, Hendrik},
	booktitle={International Conference on Inductive Logic Programming},
	pages={80--90},
	year={2001},
	organization={Springer}
}

@inproceedings{korvemaker:00,
	title={Predicting {UNIX} command lines: Adjusting to user patterns},
	author={Korvemaker, Benjamin and Greiner, Russell},
	year={2000}
}

@inproceedings{davison:98,
	title={Predicting sequences of user actions},
	author={Davison, Brian D and Hirsh, Haym},
	booktitle={Notes of the AAAI/ICML 1998 Workshop on Predicting the Future: AI Approaches to Time-Series Analysis},
	pages={5--12},
	year={1998}
}

@article{greenberg:88b,
	title={Directing the user interface: how people use command-based computer systems},
	author={Greenberg, Saul and Witten, Ian H},
	journal={IFAC Proceedings Volumes},
	volume={21},
	number={5},
	pages={349--355},
	year={1988},
	publisher={Elsevier}
}

@misc{greenberg:88a,
	title={Using {UNIX}: Collected traces of 168 users},
	author={Greenberg, Saul},
	year={1988},
	publisher={University of Calgary}
}

@misc{posix_standard,
	title={{The Open Group Base Specifications Issue 7 (IEEE Std 1003.1-2017)}},
	author={{IEEE and The Open Group}},
	year={2018}
}

@book{dey:03,
	title={Qualitative data analysis: A user friendly guide for social scientists},
	author={Dey, Ian},
	year={2003},
	publisher={Routledge}
}

@article{thomas:06,
	title={A general inductive approach for analyzing qualitative evaluation data},
	author={Thomas, David R},
	journal={American journal of evaluation},
	volume={27},
	number={2},
	pages={237--246},
	year={2006},
	publisher={Sage Publications Sage CA: Thousand Oaks, CA}
}

@misc{nielsen:05,
	title={Ten usability heuristics},
	author={Nielsen, Jakob},
	year={2005},
	url={http://www.nngroup.com/articles/ten-usability-heuristics}
}

@article{jaro:89,
  title={Advances in record-linkage methodology as applied to matching the 1985 census of Tampa, Florida},
  author={Jaro, Matthew A},
  journal={Journal of the American Statistical Association},
  volume={84},
  number={406},
  pages={414--420},
  year={1989},
  publisher={Taylor \& Francis Group}
}

@article{damerau:64,
	title={A technique for computer detection and correction of spelling errors},
	author={Damerau, Fred J},
	journal={Communications of the ACM},
	volume={7},
	number={3},
	pages={171--176},
	year={1964},
	publisher={ACM}
}

@article{navarro:01,
	title={A guided tour to approximate string matching},
	author={Navarro, Gonzalo},
	journal={ACM computing surveys (CSUR)},
	volume={33},
	number={1},
	pages={31--88},
	year={2001},
	publisher={ACM}
}

@inproceedings{kalliamvakou:14,
 title = {The Promises and Perils of Mining {GitHub}},
 author = {Kalliamvakou, Eirini and Gousios, Georgios and Blincoe, Kelly and Singer, Leif and German, Daniel M. and Damian, Daniela},
 year = {2014},
 isbn = {9781450328630},
 publisher = {Association for Computing Machinery},
 address = {New York, NY, USA},
 url = {https://doi.org/10.1145/2597073.2597074},
 doi = {10.1145/2597073.2597074},
 booktitle = {Proceedings of the 11th Working Conference on Mining Software Repositories},
 pages = {92–101},
 numpages = {10},
 keywords = {bias, git, github, Mining software repositories, code reviews},
 location = {Hyderabad, India},
 series = {MSR 2014}
}

@book{saldana:16,
	title = {The Coding Manual for Qualitative Researchers},
	author = {Johnny Saldaña},
	year = {2016},
	edition = {3},
	publisher = {SAGE}
}

@inproceedings{zhang:20,
	author = {Zhang, Tianyi and Hartmann, Bj\"{o}rn and Kim, Miryung and Glassman, Elena L.}, 
	title = {Enabling Data-Driven API Design with Community Usage Data: A Need-Finding Study}, 
	year = {2020}, 
	isbn = {9781450367080}, 
	publisher = {Association for Computing Machinery},
	address = {New York, NY, USA},
	doi = {10.1145/3313831.3376382},
	booktitle = {Proceedings of the 2020 CHI Conference on Human Factors in Computing Systems}, 
	pages = {1-13}, 
	numpages = {13}, 
	keywords = {information needs, api design, tool support, community}, 
	location = {Honolulu, HI, USA}, 
	series = {CHI '20} 
}

@misc{clig,
	author       = {Prasad, Aanand and Firshman, Ben and Tashian, Carl and Parish, Eva},
	title        = {Command Line Interface Guidelines},
	year         = {2021},
	url          = {https://clig.dev},
	urldate 		 = {2021-05-05}
}

@misc{jones:11,
	author       = {Jones, M. Tim},
	title        = {Evolution of shells in Linux},
	year         = {2011},
	url 				 = {https://developer.ibm.com/tutorials/l-linux-shells},
	urldate 		 = {2021-05-05}
}

@book{raymond:03,
	author         = {Raymond, Eric S.},
	title          = {The Art of Unix Programming},
	publisher      = {Addison-Wesley Professional},
	year           = {2003}
}

@article{ritchie:74,
	author          = {Ritchie, Dennis and Thompson, Ken},
	title           = {The UNIX time-sharing system},
	journal         = {Communications of the ACM},
	volume          = {17},
	number          = {7},
	year            = {1974},
	pages           = {365-375},
	doi             = {10.1145/361011.361061}
}

@misc{odfg,
title={An Order-aware Dataflow Model for Extracting Shell Script Parallelism},
author={Shivam Handa and Konstantinos Kallas and Nikos Vasilakis and
Martin Rinard},
year={2020},
eprint={2012.15422},
archivePrefix={arXiv}
}

@inproceedings{posh,
 title={{POSH}: A Data-Aware Shell},
 author={Raghavan, Deepti and Fouladi, Sadjad and Levis, Philip and
Zaharia, Matei},
 booktitle={2020 {USENIX} Annual Technical Conference
({USENIX} {ATC} 20)},
 pages={617--631},
 year={2020}
}

@misc{kumquat,
title={Automatic Synthesis of Parallel and Distributed Unix Commands
with KumQuat},
author={Nikos Vasilakis and Jiasi Shen and Martin Rinard},
year={2020},
eprint={2012.15443},
archivePrefix={arXiv}
}

@misc{pash,
 title={PaSh: Light-touch Data-Parallel Shell Processing},
author={Nikos Vasilakis and Konstantinos Kallas and Konstantinos
Mamouras and Achilleas Benetopoulos and Lazar Cvetkovic},
year={2020},
eprint={2007.09436},
archivePrefix={arXiv}
}

@inproceedings{bruch:10,
	author          = {Marcel Bruch and Eric Bodden and Martin Monperrus and Mira Mezini},
	title           = {{IDE} 2.0: Collective Intelligence in Software Development},
	booktitle       = {Proceedings of the 2010 {FSE/SDP} Workshop on the Future of Software Engineering Research},
	year            = {2010},
	location        = {Santa Fe, United States},
	doi             = {10.1145/1882362.1882374},
}

@inproceedings{bruch:09,
	author          = {Marcel Bruch and Martin Monperrus and Mira Mezini},
	title           = {Learning from Examples to Improve Code Completion Systems},
	booktitle       = {Proceedings of the 7th joint meeting of the European Software Engineering Conference and the {ACM} Symposium on the Foundations of Software Engineering},
	year            = {2009},
	location        = {Amsterdam, Netherlands},
	doi             = {10.1145/1595696.1595728},
}

@article{monperrus:18,
author = {Monperrus, Martin},
title = {Automatic Software Repair: A Bibliography},
year = {2018},
issue_date = {April 2018},
publisher = {Association for Computing Machinery},
address = {New York, NY, USA},
volume = {51},
number = {1},
issn = {0360-0300},
doi = {10.1145/3105906},
journal = {ACM Comput. Surv.},
month = jan,
articleno = {17},
numpages = {24},
keywords = {Program repair, self-healing software}
}

@inproceedings{yang:17,
author = {Yang, Di and Martins, Pedro and Saini, Vaibhav and Lopes, Cristina},
title = {Stack Overflow in Github: Any Snippets There?},
year = {2017},
isbn = {9781538615447},
publisher = {IEEE Press},
doi = {10.1109/MSR.2017.13},
booktitle = {Proceedings of the 14th International Conference on Mining Software Repositories},
pages = {280-290},
numpages = {11},
keywords = {code reuse, code clone, large-scale analysis},
location = {Buenos Aires, Argentina},
series = {MSR '17}
}

@inproceedings{zhong:15,
author = {Zhong, Hao and Su, Zhendong},
title = {An Empirical Study on Real Bug Fixes},
year = {2015},
isbn = {9781479919345},
publisher = {IEEE Press},
booktitle = {Proceedings of the 37th International Conference on Software Engineering - Volume 1},
pages = {913-923},
numpages = {11},
location = {Florence, Italy},
series = {ICSE '15}
}

@inproceedings{barnaby:20,
author = {Barnaby, Celeste and Sen, Koushik and Zhang, Tianyi and Glassman, Elena and Chandra, Satish},
title = {Exempla Gratis (E.G.): Code Examples for Free},
year = {2020},
isbn = {9781450370431},
publisher = {Association for Computing Machinery},
address = {New York, NY, USA},
doi = {10.1145/3368089.3417052},
booktitle = {Proceedings of the 28th ACM Joint Meeting on European Software Engineering Conference and Symposium on the Foundations of Software Engineering},
pages = {1353-1364},
numpages = {12},
keywords = {big code, API examples, software tools},
location = {Virtual Event, USA},
series = {ESEC/FSE 2020}
}

@article{baltes:19,
author = {Baltes, Sebastian and Diehl, Stephan},
title = {Usage and Attribution of Stack Overflow Code Snippets in GitHub Projects},
year = {2019},
issue_date = {June 2019},
publisher = {Kluwer Academic Publishers},
address = {USA},
volume = {24},
number = {3},
issn = {1382-3256},
doi = {10.1007/s10664-018-9650-5},
journal = {Empirical Softw. Engg.},
month = jun,
pages = {1259-1295},
numpages = {37},
keywords = {Online survey, GitHub, Mining software repositories, Code snippets, Stack Overflow, Licensing}
}

@article{prana:19,
author = {Prana, Gede Artha Azriadi and Treude, Christoph and Thung Ferdian and Atapattu, Thushari and Lo, David},
title = {Categorizing the Content of GitHub {README} Files},
year = {2019},
issue_date = {June 2019},
publisher = {Kluwer Academic Publishers},
address = {USA},
volume = {24},
number = {3},
issn = {1382-3256},
doi = {10.1007/s10664-018-9660-3},
journal = {Empirical Softw. Engg.},
month = jun,
pages = {1296-1327},
numpages = {32}
}

@inproceedings{rahman:14,
author = {Rahman, Mohammad Masudur and Roy, Chanchal K.},
title = {An Insight into the Pull Requests of GitHub},
year = {2014},
isbn = {9781450328630},
publisher = {Association for Computing Machinery},
address = {New York, NY, USA},
doi = {10.1145/2597073.2597121},
booktitle = {Proceedings of the 11th Working Conference on Mining Software Repositories},
pages = {364-367},
numpages = {4},
keywords = {topic model, pull request, Commit comments},
location = {Hyderabad, India},
series = {MSR 2014}
}

@article{xie:09,
author={Xie, Tao and Thummalapenta, Suresh and Lo, David and Liu, Chao},
journal={Computer},
title={Data Mining for Software Engineering},
year={2009},
volume={42},
number={8},
pages={55-62},
doi={10.1109/MC.2009.256}
}

@article{halkidi:11,
title = "Data mining in software engineering",
author = "M. Halkidi and D. Spinellis and G. Tsatsaronis and M. Vazirgiannis",
year = "2011",
doi = "10.3233/IDA-2010-0475",
language = "English",
volume = "15",
pages = "413--441",
journal = "Intelligent Data Analysis",
issn = "1088-467X",
publisher = "IOS Press",
number = "3",
}

@inproceedings{hemmati:13,
author = {Hemmati, Hadi and Nadi, Sarah and Baysal, Olga and Kononenko, Oleksii and Wang, Wei and Holmes, Reid and Godfrey, Michael W.},
title = {The MSR Cookbook: Mining a Decade of Research},
year = {2013},
isbn = {9781467329361},
publisher = {IEEE Press},
booktitle = {Proceedings of the 10th Working Conference on Mining Software Repositories},
pages = {343-352},
numpages = {10},
location = {San Francisco, CA, USA},
series = {MSR '13}
}

@article{kagdi:07,
author = {Kagdi, Huzefa and Collard, Michael L. and Maletic, Jonathan I.},
title = {A Survey and Taxonomy of Approaches for Mining Software Repositories in the Context of Software Evolution},
year = {2007},
issue_date = {March 2007},
publisher = {John Wiley &amp; Sons, Inc.},
address = {USA},
volume = {19},
number = {2},
issn = {1532-060X},
doi = {10.1002/smr.344},
journal = {J. Softw. Maint. Evol.},
month = mar,
pages = {77-131},
numpages = {55},
keywords = {multi-version analysis, software evolution, mining software repositories}
}

@misc{pouzin:65,
	author      = {Pouzin, Louis},
	title       = {The {SHELL}: A Global Tool for Calling and Chaining Procedures in the System},
	howpublished = {Multics Design Notebook, Section IV},
	year        = {1965},
	url = {https://people.csail.mit.edu/saltzer/Multics/Multics-Documents/MDN/MDN-4.pdf}
}

@misc{pouzin2000shell,
	author       = {Pouzin, Louis},
	title        = {The Origin of the Shell},
	year         = {2000},
	url 				 = {https://multicians.org/shell.html},
	urldate 		 = {2021-07-27}
}

@misc{seibold2020shell,
	author       = {Seibold, Christian Lee},
	title        = {Shell History: Unix},
	year         = {2020},
	url 				 = {https://paled.handmade.network/blogs/p/7462-shell_history_-_unix},
	urldate 		 = {2021-07-27}
}

@incollection{mens2014source,
  title={Source code-based recommendation systems},
  author={Mens, Kim and Lozano, Angela},
  booktitle={Recommendation Systems in Software Engineering},
  pages={93--130},
  year={2014},
  publisher={Springer}
}

@inproceedings{raychev2014completion,
author = {Raychev, Veselin and Vechev, Martin and Yahav, Eran},
title = {Code Completion with Statistical Language Models},
year = {2014},
isbn = {9781450327848},
publisher = {Association for Computing Machinery},
address = {New York, NY, USA},
url = {https://doi.org/10.1145/2594291.2594321},
doi = {10.1145/2594291.2594321},
booktitle = {Proceedings of the 35th ACM SIGPLAN Conference on Programming Language Design and Implementation},
pages = {419–428},
numpages = {10},
location = {Edinburgh, United Kingdom},
series = {PLDI '14}
}
